@article{Baune:2024ber,
    author = "Baune, Konstantin and Broedel, Johannes and Im, Egor and Lisitsyn, Artyom and Moeckli, Yannis",
    title = "{Higher-genus Fay-like identities from meromorphic generating functions}",
    eprint = "2409.08208",
    archivePrefix = "arXiv",
    primaryClass = "hep-th",
    month = "9",
    year = "2024"
}

@article{Baune:2024biq,
    author = "Baune, Konstantin and Broedel, Johannes and Im, Egor and Lisitsyn, Artyom and Zerbini, Federico",
    title = "{Schottky\textendash{}Kronecker forms and hyperelliptic polylogarithms}",
    eprint = "2406.10051",
    archivePrefix = "arXiv",
    primaryClass = "hep-th",
    doi = "10.1088/1751-8121/ad8197",
    journal = "J. Phys. A",
    volume = "57",
    number = "44",
    pages = "445202",
    year = "2024"
}

@article{Beisert:2024rke,
    author = "Beisert, Niklas and Im, Egor",
    title = "{Affine Classical Lie Bialgebras for AdS/CFT Integrability}",
    eprint = "2401.10327",
    archivePrefix = "arXiv",
    primaryClass = "hep-th",
    month = "1",
    year = "2024"
}

@article{Beisert:2022vnc,
    author = "Beisert, Niklas and Im, Egor",
    title = "{Classical Lie bialgebras for AdS/CFT integrability by contraction and reduction}",
    eprint = "2210.11150",
    archivePrefix = "arXiv",
    primaryClass = "hep-th",
    doi = "10.21468/SciPostPhys.14.6.157",
    journal = "SciPost Phys.",
    volume = "14",
    number = "6",
    pages = "157",
    year = "2023"
}
